@article{begot1996recommendations,
  title={Recommendations for calculating growth parameters by optical density measurements},
  author={Begot, Claire and Desnier, Isabelle and Daudin, Jean D and Labadie, Jean C and Lebert, Andr{\'e}},
  journal={Journal of Microbiological Methods},
  volume={25},
  number={3},
  pages={225--232},
  year={1996},
  publisher={Elsevier}
}
@article{swinnen2005quantifying,
  title={Quantifying microbial lag phenomena due to a sudden rise in temperature: a systematic macroscopic study},
  author={Swinnen, Isolde AM and Bernaerts, Kristel and Gysemans, Kristel and Van Impe, JF},
  journal={International journal of food microbiology},
  volume={100},
  number={1-3},
  pages={85--96},
  year={2005},
  publisher={Elsevier}
}
@article{mellefont2003effect,
  title={The effect of abrupt shifts in temperature on the lag phase duration of Escherichia coli and Klebsiella oxytoca},
  author={Mellefont, LA and Ross, T},
  journal={International journal of food microbiology},
  volume={83},
  number={3},
  pages={295--305},
  year={2003},
  publisher={Elsevier}
}
@article{davidson2006temperature,
  title={Temperature sensitivity of soil carbon decomposition and feedbacks to climate change},
  author={Davidson, Eric A and Janssens, Ivan A},
  journal={Nature},
  volume={440},
  number={7081},
  pages={165--173},
  year={2006},
  publisher={Nature Publishing Group}
}
@article{adams2020microbiology,
  title={The microbiology of food preservation},
  author={Adams, MR and Moss, MO},
  year={2020},
  publisher={Royal Society of Chemistry}
}
@article{perez2018crabtree,
  title={The crabtree effect shapes the Saccharomyces cerevisiae lag phase during the switch between different carbon sources},
  author={Perez-Samper, Gemma and Cerulus, Bram and Jariani, Abbas and Vermeersch, Lieselotte and Barraj{\'o}n Simancas, Nuria and Bisschops, Markus MM and van den Brink, Joost and Solis-Escalante, Daniel and Gallone, Brigida and De Maeyer, Dries and others},
  journal={MBio},
  volume={9},
  number={5},
  pages={e01331--18},
  year={2018},
  publisher={Am Soc Microbiol}
}
@article{jacob1961genetic,
  title={Genetic regulatory mechanisms in the synthesis of proteins},
  author={Jacob, Fran{\c{c}}ois and Monod, Jacques},
  journal={Journal of molecular biology},
  volume={3},
  number={3},
  pages={318--356},
  year={1961},
  publisher={Elsevier}
}
@article{yates2007lag,
  title={On the lag phase and initial decline of microbial growth curves},
  author={Yates, George T and Smotzer, Thomas},
  journal={Journal of Theoretical Biology},
  volume={244},
  number={3},
  pages={511--517},
  year={2007},
  publisher={Elsevier}
}
@article{zwietering1990modeling,
  title={Modeling of the bacterial growth curve},
  author={Zwietering, MH and Jongenburger, Il and Rombouts, FM and Van't Riet, KJAEM},
  journal={Applied and environmental microbiology},
  volume={56},
  number={6},
  pages={1875--1881},
  year={1990},
  publisher={Am Soc Microbiol}
}
@article{peleg2012arrhenius,
  title={The Arrhenius equation revisited},
  author={Peleg, Micha and Normand, Mark D and Corradini, Maria G},
  journal={Critical reviews in food science and nutrition},
  volume={52},
  number={9},
  pages={830--851},
  year={2012},
  publisher={Taylor \& Francis}
}
% data citation
@article{bae2014growth,
  title={Growth characteristics and biofilm formation of various spoilage bacteria isolated from fresh produce},
  author={Bae, Young-Min and Zheng, Ling and Hyun, Jeong-Eun and Jung, Kyu-Seok and Heu, Sunggi and Lee, Sun-Young},
  journal={Journal of food science},
  volume={79},
  number={10},
  pages={M2072--M2080},
  year={2014},
  publisher={Wiley Online Library}
}
@article{blagodatskaya2007priming,
  title={Priming effects in Chernozem induced by glucose and N in relation to microbial growth strategies},
  author={Blagodatskaya, EV and Blagodatsky, Sergey A and Anderson, T-H and Kuzyakov, Yakov},
  journal={applied soil ecology},
  volume={37},
  number={1-2},
  pages={95--105},
  year={2007},
  publisher={Elsevier}
}
@article{galarz2016predicting,
  title={Predicting bacterial growth in raw, salted, and cooked chicken breast fillets during storage},
  author={Galarz, Liane Aldrighi and Fonseca, Gustavo Graciano and Prentice, Carlos},
  journal={Food Science and Technology International},
  volume={22},
  number={6},
  pages={461--474},
  year={2016},
  publisher={SAGE Publications Sage UK: London, England}
}

@article{gill1991growth,
  title={Growth of Escherichia coli and Salmonella typhimurium on high-pH beef packed under vacuum or carbon dioxide},
  author={Gill, CO and DeLacy, KM},
  journal={International journal of food microbiology},
  volume={13},
  number={1},
  pages={21--30},
  year={1991},
  publisher={Elsevier}
}   

@article{heo2009estimation,
  title={Estimation of shelf-life of frankfurter using predictive models of spoilage bacterial growth},
  author={Heo, Chan and Choi, Yun-Sang and Kim, Cheon-Jei and Paik, Hyun-Dong},
  journal={Korean J. Food Sci. Ani. Resour},
  volume={28},
  pages={289--295},
  year={2009}
}

@article{inoue1977effect,
  title={Effect of temperature on growth of obligately psychrophilic bacteria},
  author={INOUE, KOZO},
  journal={The Journal of General and Applied Microbiology},
  volume={23},
  number={2},
  pages={53--63},
  year={1977},
  publisher={Applied Microbiology, Molecular and Cellular Biosciences Research Foundation}
}

@article{kapetanakou2019model,
  title={Model development for microbial spoilage of packaged fresh--cut salad products using temperature and in-package CO2 levels as predictor variables},
  author={Kapetanakou, Anastasia E and Taoukis, Petros and Skandamis, Panagiotis N},
  journal={LWT},
  volume={113},
  pages={108285},
  year={2019},
  publisher={Elsevier}
}

%%%%
@article{kirchman1997regulation,
  title={Regulation of bacterial growth rates by dissolved organic carbon and temperature in the equatorial Pacific Ocean},
  author={Kirchman, David L and Rich, JH},
  journal={Microbial Ecology},
  volume={33},
  number={1},
  pages={11--20},
  year={1997},
  publisher={Springer}
}

@article{koutsoumanis2006development,
  title={Development of a microbial model for the combined effect of temperature and pH on spoilage of ground meat, and validation of the model under dynamic temperature conditions},
  author={Koutsoumanis, Konstantinos and Stamatiou, A and Skandamis, P and Nychas, G-JE},
  journal={Applied and Environmental Microbiology},
  volume={72},
  number={1},
  pages={124--134},
  year={2006},
  publisher={Am Soc Microbiol}
}

@article{lee2007model,
  title={Model on the microbial quality change of seasoned soybean sprouts for on-line shelf life prediction},
  author={Lee, Dong Sun and Hwang, Keum-Jin and An, Duck Soon and Park, Jin Pyo and Lee, Hyuek Jae},
  journal={International journal of food microbiology},
  volume={118},
  number={3},
  pages={285--293},
  year={2007},
  publisher={Elsevier}
}
@article{phillips1987relation,
  title={The relation between temperature and growth of bacteria in dairy products},
  author={Phillips, JD and Griffiths, MW},
  journal={Food Microbiology},
  volume={4},
  number={2},
  pages={173--185},
  year={1987},
  publisher={Elsevier}
}
@article{roth1962continuity,
  title={Continuity of psychrophilic and mesophilic growth characteristics in the genus Arthrobacter},
  author={Roth, Norman G and Wheaton, Robert B},
  journal={Journal of bacteriology},
  volume={83},
  number={3},
  pages={551--555},
  year={1962},
  publisher={Am Soc Microbiol}
}
@article{silva2018modelling,
  title={Modelling the growth of lactic acid bacteria at different temperatures},
  author={Silva, Ana Paula Rosa da and Longhi, Daniel Angelo and Dalcanton, Francieli and Arag{\~a}o, Gl{\'a}ucia Maria Falc{\~a}o de},
  journal={Brazilian archives of biology and technology},
  volume={61},
  year={2018},
  publisher={SciELO Brasil}
}
@article{sivonen1990effects,
  title={Effects of light, temperature, nitrate, orthophosphate, and bacteria on growth of and hepatotoxin production by Oscillatoria agardhii strains},
  author={Sivonen, Kaarina},
  journal={Applied and environmental microbiology},
  volume={56},
  number={9},
  pages={2658--2666},
  year={1990},
  publisher={Am Soc Microbiol}
}
@article{stannard1985temperature,
  title={Temperature/growth relationships for psychrotrophic food-spoilage bacteria},
  author={Stannard, CJ and Williams, AP and Gibbs, PA},
  journal={Food Microbiology},
  volume={2},
  number={2},
  pages={115--122},
  year={1985},
  publisher={Elsevier}
}
@article{vankerschaver1996influence,
  title={The influence of temperature and gas mixtures on the growth of the intrinsic micro-organisms on cut endive: predictive versus actual growth},
  author={Vankerschaver, K and Willocx, F and Smout, Chantal and Hendrickx, Marc and Tobback, Paul},
  journal={Food microbiology},
  volume={13},
  number={6},
  pages={427--440},
  year={1996},
  publisher={Elsevier}
}
@article{willocx1993modelling,
  title={Modelling the influence of temperature and carbon dioxide upon the growth of Pseudomonas fluorescens},
  author={Willocx, F and Mercier, M and Hendrickx, Marc and Tobback, Paul},
  journal={Food Microbiology},
  volume={10},
  number={2},
  pages={159--173},
  year={1993},
  publisher={Elsevier}
}
@article{zwietering1994modeling,
  title={Modeling of bacterial growth with shifts in temperature},
  author={Zwietering, MH and De Wit, JC and Cuppers, HGAM and Van't Riet, K},
  journal={Applied and Environmental Microbiology},
  volume={60},
  number={1},
  pages={204--213},
  year={1994},
  publisher={Am Soc Microbiol}
}
@article{smith2019community,
  title={Community-level respiration of prokaryotic microbes may rise with global warming},
  author={Smith, Thomas P and Thomas, Thomas JH and Garc{\'\i}a-Carreras, Bernardo and Sal, Sof{\'\i}a and Yvon-Durocher, Gabriel and Bell, Thomas and Pawar, Samr{\=a}t},
  journal={Nature communications},
  volume={10},
  number={1},
  pages={1--11},
  year={2019},
  publisher={Nature Publishing Group}
}
@article{vermeersch2019duration,
  title={On the duration of the microbial lag phase},
  author={Vermeersch, Lieselotte and Perez-Samper, Gemma and Cerulus, Bram and Jariani, Abbas and Gallone, Brigida and Voordeckers, Karin and Steensels, Jan and Verstrepen, Kevin J},
  journal={Current genetics},
  volume={65},
  number={3},
  pages={721--727},
  year={2019},
  publisher={Springer}
}
@article{perez201318,
  title={18 Development and application of predictive microbiology models in foods},
  author={P{\'e}rez-Rodr{\'\i}guez, Fernando},
  journal={Mathematical and statistical methods in food science and technology},
  volume={74},
  pages={321},
  year={2013},
  publisher={John Wiley \& Sons}
}
@article{ghidelli2018recent,
  title={Recent advances in modified atmosphere packaging and edible coatings to maintain quality of fresh-cut fruits and vegetables},
  author={Ghidelli, Christian and P{\'e}rez-Gago, Mar{\'\i}a B},
  journal={Critical Reviews in Food Science and Nutrition},
  volume={58},
  number={4},
  pages={662--679},
  year={2018},
  publisher={Taylor \& Francis}
}
@article{rodrigues2021community,
  title={Community lifespan, niche expansion and the evolution of interspecific cooperation},
  author={Rodrigues, Ant{\'o}nio MM and Estrela, Sylvie and Brown, Sam P},
  journal={Journal of Evolutionary Biology},
  volume={34},
  number={2},
  pages={352--363},
  year={2021},
  publisher={Wiley Online Library}
}
@article{bertrand2019lag,
  title={Lag phase is a dynamic, organized, adaptive, and evolvable period that prepares bacteria for cell division},
  author={Bertrand, Robert L},
  journal={Journal of bacteriology},
  volume={201},
  number={7},
  pages={e00697--18},
  year={2019},
  publisher={Am Soc Microbiol}
}
@article{swinnen2004predictive,
  title={Predictive modelling of the microbial lag phase: a review},
  author={Swinnen, IAM and Bernaerts, Kdens and Dens, Els JJ and Geeraerd, Annemie H and Van Impe, JF},
  journal={International journal of food microbiology},
  volume={94},
  number={2},
  pages={137--159},
  year={2004},
  publisher={Elsevier}
}
@article{kontopoulos2020phytoplankton,
  title={Phytoplankton thermal responses adapt in the absence of hard thermodynamic constraints},
  author={Kontopoulos, Dimitrios-Georgios and van Sebille, Erik and Lange, Michael and Yvon-Durocher, Gabriel and Barraclough, Timothy G and Pawar, Samraat},
  journal={Evolution},
  volume={74},
  number={4},
  pages={775--790},
  year={2020},
  publisher={Wiley Online Library}
}
@article{de2018determination,
  title={Determination of temperature dependent growth parameters in psychrotrophic pathogen bacteria and tentative use of mean kinetic temperature for the microbiological control of food},
  author={De Silvestri, Andrea and Ferrari, Enrico and Gozzi, Simone and Marchi, Francesca and Foschino, Roberto},
  journal={Frontiers in Microbiology},
  volume={9},
  pages={3023},
  year={2018},
  publisher={Frontiers}
}
@book{thompson1942growth,
  title={On growth and form},
  author={Thompson, Darcy Wentworth and Thompson, D'Arcy W},
  volume={2},
  year={1942},
  publisher={Cambridge university press Cambridge}
}
@article{brown2004toward,
  title={Toward a metabolic theory of ecology},
  author={Brown, James H and Gillooly, James F and Allen, Andrew P and Savage, Van M and West, Geoffrey B},
  journal={Ecology},
  volume={85},
  number={7},
  pages={1771--1789},
  year={2004},
  publisher={Wiley Online Library}
}
@article{chu2016lag,
  title={The lag-phase during diauxic growth is a trade-off between fast adaptation and high growth rate},
  author={Chu, Dominique and Barnes, David J},
  journal={Scientific reports},
  volume={6},
  number={1},
  pages={1--15},
  year={2016},
  publisher={Nature Publishing Group}
}
@article{new2014different,
  title={Different levels of catabolite repression optimize growth in stable and variable environments},
  author={New, Aaron M and Cerulus, Bram and Govers, Sander K and Perez-Samper, Gemma and Zhu, Bo and Boogmans, Sarah and Xavier, Joao B and Verstrepen, Kevin J},
  journal={PLoS biology},
  volume={12},
  number={1},
  pages={e1001764},
  year={2014},
  publisher={Public Library of Science San Francisco, USA}
}
@article{gorke2008carbon,
  title={Carbon catabolite repression in bacteria: many ways to make the most out of nutrients},
  author={G{\"o}rke, Boris and St{\"u}lke, J{\"o}rg},
  journal={Nature Reviews Microbiology},
  volume={6},
  number={8},
  pages={613--624},
  year={2008},
  publisher={Nature Publishing Group}
}
@article{shimizu2013metabolic,
  title={Metabolic regulation of a bacterial cell system with emphasis on Escherichia coli metabolism},
  author={Shimizu, Kazuyuki},
  journal={International Scholarly Research Notices},
  volume={2013},
  year={2013},
  publisher={Hindawi}
}
@article{kleiber1932body,
  title={Body size and metabolism},
  author={Kleiber, Max and others},
  journal={Hilgardia},
  volume={6},
  number={11},
  pages={315--353},
  year={1932},
  publisher={University of California, Agriculture and Natural Resources}
}
@article{pin2009network,
  title={Network analysis of the transcriptional pattern of young and old cells of Escherichia coli during lag phase},
  author={Pin, Carmen and Rolfe, Matthew D and Mu{\~n}oz-Cuevas, Marina and Hinton, Jay CD and Peck, Michael W and Walton, Nicholas J and Baranyi, J{\'o}zsef},
  journal={BMC Systems Biology},
  volume={3},
  number={1},
  pages={1--17},
  year={2009},
  publisher={BioMed Central}
}
@article{li2016importance,
  title={The importance of lag time extension in determining bacterial resistance to antibiotics},
  author={Li, Bing and Qiu, Yong and Shi, Hanchang and Yin, Huabing},
  journal={Analyst},
  volume={141},
  number={10},
  pages={3059--3067},
  year={2016},
  publisher={Royal Society of Chemistry}
}
@article{rolfe2012lag,
  title={Lag phase is a distinct growth phase that prepares bacteria for exponential growth and involves transient metal accumulation},
  author={Rolfe, Matthew D and Rice, Christopher J and Lucchini, Sacha and Pin, Carmen and Thompson, Arthur and Cameron, Andrew DS and Alston, Mark and Stringer, Michael F and Betts, Roy P and Baranyi, J{\'o}zsef and others},
  journal={Journal of bacteriology},
  volume={194},
  number={3},
  pages={686--701},
  year={2012},
  publisher={Am Soc Microbiol}
}
@article{hamill2020microbial,
  title={Microbial lag phase can be indicative of, or independent from, cellular stress},
  author={Hamill, Philip G and Stevenson, Andrew and McMullan, Phillip E and Williams, James P and Lewis, Abiann DR and Sudharsan, S and Stevenson, Kath E and Farnsworth, Keith D and Khroustalyova, Galina and Takemoto, Jon Y and others},
  journal={Scientific reports},
  volume={10},
  number={1},
  pages={1--20},
  year={2020},
  publisher={Nature Publishing Group}
}
@article{ram2019predicting,
  title={Predicting microbial growth in a mixed culture from growth curve data},
  author={Ram, Yoav and Dellus-Gur, Eynat and Bibi, Maayan and Karkare, Kedar and Obolski, Uri and Feldman, Marcus W and Cooper, Tim F and Berman, Judith and Hadany, Lilach},
  journal={Proceedings of the National Academy of Sciences},
  volume={116},
  number={29},
  pages={14698--14707},
  year={2019},
  publisher={National Acad Sciences}
}
@article{schramski2015metabolic,
  title={Metabolic theory predicts whole-ecosystem properties},
  author={Schramski, John R and Dell, Anthony I and Grady, John M and Sibly, Richard M and Brown, James H},
  journal={Proceedings of the National Academy of Sciences},
  volume={112},
  number={8},
  pages={2617--2622},
  year={2015},
  publisher={National Acad Sciences}
}
@article{whitman1998prokaryotes,
  title={Prokaryotes: the unseen majority},
  author={Whitman, William B and Coleman, David C and Wiebe, William J},
  journal={Proceedings of the National Academy of Sciences},
  volume={95},
  number={12},
  pages={6578--6583},
  year={1998},
  publisher={National Acad Sciences}
}
@article{pacciani2020dynamic,
  title={Dynamic metabolic adaptation can promote species coexistence in competitive microbial communities},
  author={Pacciani-Mori, Leonardo and Giometto, Andrea and Suweis, Samir and Maritan, Amos},
  journal={PLoS computational biology},
  volume={16},
  number={5},
  pages={e1007896},
  year={2020},
  publisher={Public Library of Science San Francisco, CA USA}
}
@article{monod1949growth,
  title={The growth of bacterial cultures},
  author={Monod, Jacques},
  journal={Annual review of microbiology},
  volume={3},
  number={1},
  pages={371--394},
  year={1949},
  publisher={Annual Reviews 4139 El Camino Way, PO Box 10139, Palo Alto, CA 94303-0139, USA}
}
@article{li2020modeling,
  title={Modeling microbial metabolic trade-offs in a chemostat},
  author={Li, Zhiyuan and Liu, Bo and Li, Sophia Hsin-Jung and King, Christopher G and Gitai, Zemer and Wingreen, Ned S},
  journal={PLoS computational biology},
  volume={16},
  number={8},
  pages={e1008156},
  year={2020},
  publisher={Public Library of Science San Francisco, CA USA}
}