
@article{baranyi1998comparison,
  title={Comparison of stochastic and deterministic concepts of bacterial lag},
  author={Baranyi, J{\'o}zsef},
  journal={Journal of theoretical biology},
  volume={192},
  number={3},
  pages={403--408},
  year={1998},
  publisher={Elsevier}
}

@article{baranyi1993non,
  title={A non-autonomous differential equation to model bacterial growth},
  author={Baranyi, J and Roberts, TA and McClure, P},
  journal={Food microbiology},
  volume={10},
  number={1},
  pages={43--59},
  year={1993},
  publisher={Elsevier Science}
}

@article{baranyi1994dynamic,
  title={A dynamic approach to predicting bacterial growth in food},
  author={Baranyi, J{\'o}zsef and Roberts, Terry A},
  journal={International journal of food microbiology},
  volume={23},
  number={3-4},
  pages={277--294},
  year={1994},
  publisher={Elsevier}
}

@article{hills1994new,
  title={A new model for bacterial growth in heterogeneous systems},
  author={Hills, BP and Wright, KM},
  journal={Journal of theoretical biology},
  volume={168},
  number={1},
  pages={31--41},
  year={1994},
  publisher={Elsevier}
}

@article{mckellar1997heterogeneous,
  title={A heterogeneous population model for the analysis of bacterial growth kinetics},
  author={McKellar, RC},
  journal={International Journal of Food Microbiology},
  volume={36},
  number={2-3},
  pages={179--186},
  year={1997},
  publisher={Elsevier}
}

@article{mckellar2001development,
  title={Development of a dynamic continuous-discrete-continuous model describing the lag phase of individual bacterial cells},
  author={McKellar, RC},
  journal={Journal of Applied Microbiology},
  volume={90},
  number={3},
  pages={407--413},
  year={2001},
  publisher={Wiley Online Library}
}



@article{baty2004estimating,
  title={Estimating the bacterial lag time: which model, which precision?},
  author={Baty, Florent and Delignette-Muller, Marie-Laure},
  journal={International journal of food microbiology},
  volume={91},
  number={3},
  pages={261--277},
  year={2004},
  publisher={Elsevier}
}
@article{buchanan1997simple,
  title={When is simple good enough: a comparison of the Gompertz, Baranyi, and three-phase linear models for fitting bacterial growth curves},
  author={Buchanan, RL and Whiting, RC and Damert, WC},
  journal={Food microbiology},
  volume={14},
  number={4},
  pages={313--326},
  year={1997},
  publisher={Elsevier}
}

@article{zwietering1992comparison,
  title={Comparison of definitions of the lag phase and the exponential phase in bacterial growth},
  author={Zwietering, MH and Rombouts, FM and Riet, K van't},
  journal={Journal of Applied Bacteriology},
  volume={72},
  number={2},
  pages={139--145},
  year={1992},
  publisher={Wiley Online Library}
}

@article{lenski1998evolution,
  title={Evolution of competitive fitness in experimental populations of E. coli: what makes one genotype a better competitor than another?},
  author={Lenski, Richard E and Mongold, Judith A and Sniegowski, Paul D and Travisano, Michael and Vasi, Farida and Gerrish, Philip J and Schmidt, Thomas M},
  journal={Antonie van Leeuwenhoek},
  volume={73},
  number={1},
  pages={35--47},
  year={1998},
  publisher={Springer}
}

@article{chu2016lag,
  title={The lag-phase during diauxic growth is a trade-off between fast adaptation and high growth rate},
  author={Chu, Dominique and Barnes, David J},
  journal={Scientific reports},
  volume={6},
  number={1},
  pages={1--15},
  year={2016},
  publisher={Nature Publishing Group}
}

@article{buchanan1990mathematical,
  title={A mathematical approach toward defining and calculating the duration of the lag phase},
  author={Buchanan, Robert L and Cygnarowicz, Miriam L},
  journal={Food Microbiology},
  volume={7},
  number={3},
  pages={237--240},
  year={1990},
  publisher={Elsevier}
}
@article{peleg2011microbial,
  title={Microbial growth curves: what the models tell us and what they cannot},
  author={Peleg, Micha and Corradini, Maria G},
  journal={Critical reviews in food science and nutrition},
  volume={51},
  number={10},
  pages={917--945},
  year={2011},
  publisher={Taylor \& Francis}
}

@article{bertrand2019lag,
  title={Lag phase is a dynamic, organized, adaptive, and evolvable period that prepares bacteria for cell division},
  author={Bertrand, Robert L},
  journal={Journal of bacteriology},
  volume={201},
  number={7},
  pages={e00697--18},
  year={2019},
  publisher={Am Soc Microbiol}
}


@article{bae2014growth,
  title={Growth characteristics and biofilm formation of various spoilage bacteria isolated from fresh produce},
  author={Bae, Young-Min and Zheng, Ling and Hyun, Jeong-Eun and Jung, Kyu-Seok and Heu, Sunggi and Lee, Sun-Young},
  journal={Journal of food science},
  volume={79},
  number={10},
  pages={M2072--M2080},
  year={2014},
  publisher={Wiley Online Library}
}

@article{angilletta2010thermodynamic,
  title={Thermodynamic effects on organismal performance: is hotter better?},
  author={Angilletta Jr, Michael J and Huey, Raymond B and Frazier, Melanie R},
  journal={Physiological and Biochemical Zoology},
  volume={83},
  number={2},
  pages={197--206},
  year={2010},
  publisher={The University of Chicago Press}
}

% prob
@article{bernhardt2018metabolic,
  title={Metabolic theory and the temperature-size rule explain the temperature dependence of population carrying capacity},
  author={Bernhardt, Joey R and Sunday, Jennifer M and Oâ€™Connor, Mary I},
  journal={The American Naturalist},
  volume={192},
  number={6},
  pages={687--697},
  year={2018},
  publisher={University of Chicago Press Chicago, IL}
}