@article{einstein1905does,
  title={Does the inertia of a body depend upon its energy-content?},
  author={Einstein, A.},
  journal={Annalen der Physik},
  volume={18},
  pages={639--641},
  year={1905}
}


@article{MicrobialGrowth,
  title={Microbial Growth Curves: What the Models Tell Us and What They Cannot},
  author={Peleg, M and Corradini, Maria G.},
  journal={Critical Reviews in Food Science and Nutrition,},
  volume={51},
  pages={917–945},
  year={2011}
}


@article{zwitmodelling,
  title={Modeling of the Bacterial Growth Curve},
  author={Zwietering, M. H., I. Jongenburger, F. M. Rombouts, and K. Van't Riet.},
  journal={Applied and Environmental Microbiology},
  volume={56},
  pages={1875–81},
  year={1990}
}

@article{logisticVel1,
  title={Recherches mathématiques sur la loi d'accroissement de la population.},
  author={Verhulst, P.-F},
  journal={Nouv. mém. de l'Academie Royale des Sci. et Belles-Lettres de Bruxelles},
  volume={18},
  pages={1-41},
  year={1845}
}

@article{logisticVel2,
  title={Deuxième mémoire sur la loi d'accroissement de la population.},
  author={Verhulst, P.-F},
  journal={Mém. de l'Academie Royale des Sci., des Lettres et des Beaux-Arts de Belgique},
  volume={20},
  pages={1-32},
  year={1847}
}

@article{Buchanan,
  title={When Is Simple Good Enough: A Comparison of the Gompertz, Baranyi, and Three-Phase Linear Models for Fitting Bacterial Growth Curves.},
  author={Buchanan, R. L., R. C. Whiting, and W. C. Damert.},
  journal={Food Microbiology},
  volume={14},
  pages={313–26},
  year={1997}
}


@article{EstBaranyi,
  title={Estimating the parameters of the Baranyi model for bacterial growth.},
  author={Grijspeerdt, K. and P. Vanrolleghem.},
  journal={Food Microbiology},
  volume={16},
  pages={593–605},
  year={1999}
}

@article{Gomp,
  title={On the Nature of the Function Expressive of the Law of Human Mortality, and on a New Mode of Determining the Value of Life Contingencies.},
  author={Gompertz, B.},
  journal={Phil. Trans. Roy. Soc. London},
  volume={123},
  pages={513-585},
  year={1832}
}

@article{BaranyiOriginal,
  title={A dynamic approach to predicting bacterial growth in food.},
  author={Baranyi J, Roberts TA.},
  journal={Int J Food Microbiol.},
  volume={23},
  pages={277-294},
  year={1994}
}

@article{discarded,
  title={The relation between temperature and growth of bacteria in dairy products.},
  author={Phillips, J.D. and Griffiths, M.W.},
  journal={Food Microbiology},
  volume={4(2)},
  pages={173-185},
  year={1987}
}

  @Manual{R,
    title = {R: A Language and Environment for Statistical Computing},
    author = {{R Core Team}},
    organization = {R Foundation for Statistical Computing},
    address = {Vienna, Austria},
    year = {2019},
    url = {https://www.R-project.org/},
  }

  @Manual{minpack,
    title = {minpack.lm: R Interface to the Levenberg-Marquardt Nonlinear Least-Squares
Algorithm Found in MINPACK, Plus Support for Bounds},
    author = {Timur V. Elzhov and Katharine M. Mullen and Andrej-Nikolai Spiess and Ben Bolker},
    year = {2016},
    note = {R package version 1.2-1},
    url = {https://CRAN.R-project.org/package=minpack.lm},
  }


@article{AIC,
  title={A new look at the statistical model identification.},
  author={Akaike, H.},
  journal={IEEE Transactions on Automatic Control},
  volume={19(6)},
  pages={716–723},
  year={1974}
}

@article{BIC,
  title={Estimating the dimension of a model.},
  author={Schwarz, Gideon E.},
  journal={Annals of Statistics},
  volume={6 (2)},
  pages={461–464},
  year={1978}
}

@BOOK{ModelSelection,
  TITLE = {Model Selection and Multimodel-Inference},
  SUBTITLE = {A Practical Information-Theoretic Approach},
  AUTHOR = {Burnham, Kenneth P, Anderson, David R},
  YEAR = {2002}, % I looked it up
  PUBLISHER = {Springer},
}

  @Book{gg,
    author = {Hadley Wickham},
    title = {ggplot2: Elegant Graphics for Data Analysis},
    publisher = {Springer-Verlag New York},
    year = {2016},
    isbn = {978-3-319-24277-4},
    url = {https://ggplot2.tidyverse.org},
  }

    @Manual{dplyr,
    title = {dplyr: A Grammar of Data Manipulation},
    author = {Hadley Wickham and Romain François and Lionel Henry and Kirill Müller},
    year = {2019},
    note = {R package version 0.8.3},
    url = {https://CRAN.R-project.org/package=dplyr},
  }


   @Article{lme4,
    title = {Fitting Linear Mixed-Effects Models Using {lme4}},
    author = {Douglas Bates and Martin M{\"a}chler and Ben Bolker and Steve Walker},
    journal = {Journal of Statistical Software},
    year = {2015},
    volume = {67},
    number = {1},
    pages = {1--48},
    doi = {10.18637/jss.v067.i01},
  }

    @Manual{tO,
    title = {{toOrdinal}: Function for Converting Cardinal to Ordinal Numbers by Adding a Language Specific Ordinal Indicator to the Number},
    author = {Damian W. Betebenner},
    year = {2019},
    note = {R package version 1.1-0.0},
    url = {https://centerforassessment.github.io/toOrdinal},
  }

  @book{python, 
  title={Python tutorial}, 
  author={Van Rossum, Guido and Drake Jr, Fred L}, 
  year={1995}, 
  publisher={Centrum voor Wiskunde en Informatica Amsterdam, The Netherlands} 
}

@Misc{numpy,
  author =    {Travis Oliphant},
  title =     {{NumPy}: A guide to {NumPy}},
  year =      {2006--},
  howpublished = {USA: Trelgol Publishing},
  url = "http://www.numpy.org/",
  note = {[Online; accessed <today>]}
 }

 @Article{plt,
  Author    = {Hunter, J. D.},
  Title     = {Matplotlib: A 2D graphics environment},
  Journal   = {Computing in Science \& Engineering},
  Volume    = {9},
  Number    = {3},
  Pages     = {90--95},
  abstract  = {Matplotlib is a 2D graphics package used for Python for
  application development, interactive scripting, and publication-quality
  image generation across user interfaces and operating systems.},
  publisher = {IEEE COMPUTER SOC},
  doi       = {10.1109/MCSE.2007.55},
  year      = 2007
}

@InProceedings{ pd,
  author    = { Wes McKinney },
  title     = { Data Structures for Statistical Computing in Python },
  booktitle = { Proceedings of the 9th Python in Science Conference },
  pages     = { 51 - 56 },
  year      = { 2010 },
  editor    = { St\'efan van der Walt and Jarrod Millman }
}



@article{Omland,
  title={Model selection in ecology and evolution..},
  author={Johnson JB, Omland KS.},
  journal={Trends Ecol Evol},
  volume={19(2)},
  pages={101-108},
  year={2004}
}